@inproceedings{DBLP:conf/tlca/CoscoyKT95,
  author    = {Yann Coscoy and
               Gilles Kahn and
               Laurent Th{\'{e}}ry},
  title     = {Extracting Text from Proofs},
  booktitle = {Typed Lambda Calculi and Applications, Second International Conference
               on Typed Lambda Calculi and Applications, {TLCA} '95, Edinburgh, UK,
               April 10-12, 1995, Proceedings},
  pages     = {109--123},
  year      = {1995},
  crossref  = {DBLP:conf/tlca/1995},
  url       = {https://doi.org/10.1007/BFb0014048},
  doi       = {10.1007/BFb0014048},
  timestamp = {Thu, 15 Jun 2017 21:40:02 +0200},
  biburl    = {http://dblp.uni-trier.de/rec/bib/conf/tlca/CoscoyKT95},
  bibsource = {dblp computer science bibliography, http://dblp.org}
}

@inproceedings{DBLP:conf/lacl/Coscoy96,
  author    = {Yann Coscoy},
  title     = {A Natural Language Explanation for Formal Proofs},
  booktitle = {Logical Aspects of Computational Linguistics, First International
               Conference, {LACL} '96, Nancy, France, September 23-25, 1996, Selected
               Papers},
  pages     = {149--167},
  year      = {1996},
  crossref  = {DBLP:conf/lacl/1996},
  url       = {https://doi.org/10.1007/BFb0052156},
  doi       = {10.1007/BFb0052156},
  timestamp = {Tue, 23 May 2017 11:53:57 +0200},
  biburl    = {http://dblp.uni-trier.de/rec/bib/conf/lacl/Coscoy96},
  bibsource = {dblp computer science bibliography, http://dblp.org}
}

@inproceedings{DBLP:conf/aaai/Holland-MinkleyBC99,
  author    = {Amanda M. Holland{-}Minkley and
               Regina Barzilay and
               Robert L. Constable},
  title     = {Verbalization of High-Level Formal Proofs},
  booktitle = {Proceedings of the Sixteenth National Conference on Artificial Intelligence
               and Eleventh Conference on Innovative Applications of Artificial Intelligence,
               July 18-22, 1999, Orlando, Florida, {USA.}},
  pages     = {277--284},
  year      = {1999},
  crossref  = {DBLP:conf/aaai/1999},
  url       = {http://www.aaai.org/Library/AAAI/1999/aaai99-041.php},
  timestamp = {Tue, 11 Dec 2012 12:57:21 +0100},
  biburl    = {http://dblp.uni-trier.de/rec/bib/conf/aaai/Holland-MinkleyBC99},
  bibsource = {dblp computer science bibliography, http://dblp.org}
}

@book{PierceSF,
author       =   {Benjamin C. Pierce and Arthur Azevedo de Amorim 
                  and Chris Casinghino and Marco Gaboardi and
                  Michael Greenberg and C\v{a}t\v{a}lin Hri\c{t}cu 
                  and Vilhelm Sj\"{o}berg and Brent Yorgey},
title        =   "Software Foundations",
year         =   "2017",
publisher    =   "Electronic textbook",                  
keys         =   "poplmark,books",                  
note         =   {Version 5.0.  \URL{http://www.cis.upenn.edu/~bcpierce/sf}},
ebook        =   {http://www.cis.upenn.edu/~bcpierce/sf},
japanese     =   {http://proofcafe.org/sf}
}

@misc{Coqatoo,
  author = {Andrew Bedford},
  title = {Coqatoo's Repository},
  year = {2017},
  howpublished = {\url{https://github.com/andrew-bedford/coqatoo}}
}

@misc{Pcoq,
  author = {Yves Bertot et al.},
  title = {Pcoq},
  year = {2003},
  howpublished = {\url{http://www-sop.inria.fr/lemme/pcoq/}}
}

@misc{CtCoq,
  author = {Yves Bertot et al.},
  title = {CtCoq},
  year = {1997},
  howpublished = {\url{https://www-sop.inria.fr/croap/ctcoq/ctcoq-eng.html}}
}

@misc{Prooftree,
  author = {Hendrik Tews},
  title = {Prooftree},
  year = {2017},
  howpublished = {\url{https://askra.de/software/prooftree/}}
}

